<?xml version="1.0" encoding="UTF-8"?><record xmlns="http://www.loc.gov/MARC21/slim" xmlns:cinclude="http://apache.org/cocoon/include/1.0" xmlns:zs="http://www.loc.gov/zing/srw/">
  <leader>00480cz  a2200145n  4500</leader>
  <controlfield tag="001">n 2009031649</controlfield>
  <controlfield tag="003">DLC</controlfield>
  <controlfield tag="005">20090522075201.0</controlfield>
  <controlfield tag="008">090521n| acannaabn          |a aaa      </controlfield>
  <datafield tag="010" ind1=" " ind2=" ">
    <subfield code="a">n 2009031649</subfield>
  </datafield>
  <datafield tag="040" ind1=" " ind2=" ">
    <subfield code="a">DLC</subfield>
    <subfield code="b">eng</subfield>
    <subfield code="c">DLC</subfield>
  </datafield>
  <datafield tag="100" ind1="1" ind2=" ">
    <subfield code="a">Lipski, J.</subfield>
    <subfield code="q">(Józef)</subfield>
  </datafield>
  <datafield tag="400" ind1="1" ind2=" ">
    <subfield code="a">Lipski, Józef</subfield>
  </datafield>
  <datafield tag="670" ind1=" " ind2=" ">
    <subfield code="a">Gdy spojrzałem raz w twoje oczy, c1939:</subfield>
    <subfield code="b">t.p. (J. Lipski)</subfield>
  </datafield>
  <datafield tag="670" ind1=" " ind2=" ">
    <subfield code="a">Polish Wikipedia, May 21, 2009</subfield>
    <subfield code="b">(Józef Lipski; b. ca. 1908-1910 in Warszaw;  died 1943 in Warszaw; lyricist)</subfield>
  </datafield>
</record>